@article{johnson1997traveling,
  title={The traveling salesman problem: a case study},
  author={Johnson, David S and McGeoch, Lyle A},
  journal={Local search in combinatorial optimization},
  pages={215--310},
  year={1997},
  publisher={Chichester}
}

@inproceedings{christofides2022worst,
  title={Worst-case analysis of a new heuristic for the travelling salesman problem},
  author={Christofides, Nicos},
  booktitle={Operations Research Forum},
  volume={3},
  number={1},
  pages={20},
  year={2022},
  organization={Springer}
}

@article{dorigo1997ant,
  title={Ant colonies for the travelling salesman problem},
  author={Dorigo, Marco and Gambardella, Luca Maria},
  journal={biosystems},
  volume={43},
  number={2},
  pages={73--81},
  year={1997},
  publisher={Elsevier}
}